<collection xmlns="http://www.loc.gov/MARC21/slim">
<record>
  <leader>01735nam0a2200325 i 450 </leader>
  <controlfield tag="001">IT\ICCU\CNCE\050549</controlfield>
  <controlfield tag="005">20160315000000.0</controlfield>
  <datafield tag="012" ind1=" " ind2=" ">
    <subfield code="a">meum uile n-in siad (3) 1563 (A)</subfield>
    <subfield code="2">fei</subfield>
  </datafield>
  <datafield tag="100" ind1=" " ind2=" ">
    <subfield code="a">20000125d1563        0itac0103    ba</subfield>
  </datafield>
  <datafield tag="101" ind1=" " ind2=" ">
    <subfield code="a">LAT</subfield>
  </datafield>
  <datafield tag="102" ind1=" " ind2=" ">
    <subfield code="a">IT</subfield>
  </datafield>
  <datafield tag="200" ind1="1" ind2=" ">
    <subfield code="a">℗Bernardini Feliciani ℗Orationes quinque habitae Venetiis, quae sunt, I Pro munere publice legendi suscepto. II De virtutis praestantia. III De optimo imperatore. IV De studiis humanitatis. V De poetarum laudibus</subfield>
  </datafield>
  <datafield tag="210" ind1=" " ind2=" ">
    <subfield code="a">Venetijs</subfield>
    <subfield code="c">apud Bologninum Zalterium</subfield>
    <subfield code="d">1563</subfield>
    <subfield code="e">Venetijs</subfield>
    <subfield code="g">apud Bologninum Zalterium</subfield>
    <subfield code="h">1564</subfield>
  </datafield>
  <datafield tag="215" ind1=" " ind2=" ">
    <subfield code="a">61, \3! p.</subfield>
    <subfield code="d">4ʻ</subfield>
  </datafield>
  <datafield tag="620" ind1=" " ind2=" ">
    <subfield code="a">IT</subfield>
    <subfield code="d">Venezia</subfield>
  </datafield>
  <datafield tag="700" ind1=" " ind2="1">
    <subfield code="a">Feliciano,</subfield>
    <subfield code="b">Bernardino</subfield>
    <subfield code="3">IT\ICCU\CNCA\005299</subfield>
  </datafield>
  <datafield tag="712" ind1="0" ind2="0">
    <subfield code="a">Zaltieri, Bolognino</subfield>
    <subfield code="3">IT\ICCU\CNCT\000367</subfield>
    <subfield code="4">650</subfield>
  </datafield>
  <datafield tag="790" ind1=" " ind2="1">
    <subfield code="a">Regazzola,</subfield>
    <subfield code="b">Bernardino</subfield>
    <subfield code="3">IT\ICCU\CNCA\005300</subfield>
    <subfield code="z">Feliciano, Bernardino</subfield>
  </datafield>
  <datafield tag="791" ind1="0" ind2="0">
    <subfield code="a">Zalterius, Bologninus</subfield>
    <subfield code="3">IT\ICCU\CNCT\004176</subfield>
    <subfield code="z">Zaltieri, Bolognino</subfield>
  </datafield>
  <datafield tag="791" ind1="0" ind2="0">
    <subfield code="a">Zalterio, Bolognin</subfield>
    <subfield code="3">IT\ICCU\CNCT\005774</subfield>
    <subfield code="z">Zaltieri, Bolognino</subfield>
  </datafield>
  <datafield tag="791" ind1="0" ind2="0">
    <subfield code="a">Zaltiero, Bolognino</subfield>
    <subfield code="3">IT\ICCU\CNCT\005775</subfield>
    <subfield code="z">Zaltieri, Bolognino</subfield>
  </datafield>
  <datafield tag="801" ind1=" " ind2="3">
    <subfield code="a">IT</subfield>
    <subfield code="b">ICCU</subfield>
    <subfield code="c">20201115</subfield>
  </datafield>
  <datafield tag="899" ind1=" " ind2=" ">
    <subfield code="a">Biblioteca statale. Cremona</subfield>
    <subfield code="1">CR0062</subfield>
    <subfield code="2">LO1 28</subfield>
  </datafield>
  <datafield tag="899" ind1=" " ind2=" ">
    <subfield code="a">Biblioteca Apostolica Vaticana. Citt ̉del Vaticano</subfield>
    <subfield code="1">EX0001</subfield>
    <subfield code="2">ZCV 01</subfield>
  </datafield>
  <datafield tag="899" ind1=" " ind2=" ">
    <subfield code="a">Biblioteca Estense Universitaria. Modena</subfield>
    <subfield code="1">MO0089</subfield>
    <subfield code="2">MOD BE</subfield>
  </datafield>
  <datafield tag="899" ind1=" " ind2=" ">
    <subfield code="a">Biblioteca Angelica. Roma</subfield>
    <subfield code="1">RM0290</subfield>
    <subfield code="2">RML 06</subfield>
  </datafield>
  <datafield tag="899" ind1=" " ind2=" ">
    <subfield code="a">Biblioteca comunale. Treviso</subfield>
    <subfield code="1">TV0114</subfield>
    <subfield code="2">VIA CT</subfield>
  </datafield>
  <datafield tag="899" ind1=" " ind2=" ">
    <subfield code="a">Biblioteca nazionale Marciana. Venezia</subfield>
    <subfield code="1">VE0049</subfield>
    <subfield code="2">VEA BM</subfield>
  </datafield>
  <datafield tag="911" ind1=" " ind2=" ">
    <subfield code="a">Sul front.</subfield>
    <subfield code="9">IT\ICCU\CNCM\000234</subfield>
  </datafield>
  <datafield tag="921" ind1=" " ind2=" ">
    <subfield code="a">IT\ICCU\CNCM\000234</subfield>
    <subfield code="b">Alambicco sul fornello.</subfield>
    <subfield code="e">Aut utile aut iucundum aut utrunque.</subfield>
    <subfield code="c">A138</subfield>
    <subfield code="c">V511</subfield>
    <subfield code="c">Z9</subfield>
    <subfield code="d">Dimensioni: 4,6 x 6,5</subfield>
    <subfield code="f">ALAMBICCO</subfield>
    <subfield code="f">AUTUTILEAU</subfield>
    <subfield code="f">FORNELLO</subfield>
    <subfield code="g">1561-1582</subfield>
  </datafield>
</record>
</collection>
